@techreport{ATL-OREACH-PUB-2016-001,
	collaboration = "ATLAS",
	title         = "{Review Studies for the ATLAS Open Data Dataset}",
	institution   = "CERN",
	reportNumber  = "ATL-OREACH-PUB-2016-001",
	address       = "Geneva",
	year          = "2016",
	url           = "https://cds.cern.ch/record/2203649",
	note          = "All figures including auxiliary figures are available at
	https://atlas.web.cern.ch/Atlas/GROUPS/PHYSICS/PUBNOTES/ATL-OREACH-PUB-2016-001",
}